@Article{watermeyer-et-al:he2020,
  author = 	 {Richard Watermeyer and Tom Crick and Cathryn Knight and Janet Goodall},
  title = 	 {{COVID-19 and digital disruption in UK universities: afflictions and affordances of emergency online migration}},
  journal = 	 {{Higher Education}},
  year = 	 {2020},
  doi =          {https://doi.org/10.1007/s10734-020-00561-y}
}

@Misc{unescocovidedu:2020,
  author = 	 {{UNESCO}},
  title = 	 {{COVID-19 Impact on Education}},
  howpublished = {\url{https://en.unesco.org/covid19/educationresponse}},
  month = 	 {July},
  year = 	 {2020}
}

@TechReport{doucet-et-al:2020,
  author = 	 {Armand Doucet and Deborah Netolicky and Koen Timmers and {Francis Jim} Tuscano},
  title = 	 {Thinking about Pedagogy in an Unfolding Pandemic: An Independent Report on Approaches to Distance Learning During COVID19 School Closures},
  institution =  {},
  year = 	 {2020},
  month = 	 {March},
  OPTnote = 	 {Independent Report written to inform the work
of Education International and UNESCO}
}

@Book{means:2014,
  author = 	 {Barbara Means},
  title = 	 {{Learning Online: What Research Tells Us About Whether, When and How}},
  publisher = 	 {Routlege},
  year = 	 {2014},
  note = 	 {ISBN: 978-0415630290}
}

@Article{lancetcovid:2020,
  author = 	 {{The Lancet}},
  title = 	 {{Editorial: Redefining vulnerability in the era of COVID-19}},
  journal = 	 {{The Lancet}},
  year = 	 {2020},
  volume = 	 {395},
  doi =          {https://doi.org/10.1016/S0140-6736(20)30757-1}
}

@Article{vonbraun-et-al:2020,
  author = 	 {Joachim von Braun and Stefano Zamagni and Marcelo SÃ¡nchez Sorondo},
  title = 	 {{The moment to see the poor}},
  journal = 	 {Science},
  year = 	 {2020},
  volume = 	 {368},
  number = 	 {6488},
  doi =          {https://doi.org/10.1126/science.abc2255}
}

@Article{kissler-et-al:2020,
  author = 	 {Stephen M. Kissler and Christine Tedijanto and Edward Goldstein and Yonatan H. Grad and Marc Lipsitch},
  title = 	 {{Projecting the transmission dynamics of SARS-CoV-2 through the postpandemic period}},
  journal = 	 {Science},
  year = 	 {2020},
  volume = 	 {368},
  number = 	 {6493},
  pages = 	 {860--868},
  doi =          {https://doi.org/10.1126/science.abb5793}
}

@Article{armitage+nellums:2020,
  author = 	 {Richard Armitage and Laura B. Nellums},
  title = 	 {{Considering inequalities in the school closure response to COVID-19}},
  journal = 	 {The Lancet Global Health},
  year = 	 {2020},
  volume = 	 {8},
  number = 	 {5},
  pages = 	 {E644},
  doi =          {https://doi.org/10.1016/S2214-109X(20)30116-9}
}

@Article{braun+clarke:2006,
  author = 	 {Virginia Braun and Victoria Clarke},
  title = 	 {{Using thematic analysis in psychology}},
  journal = 	 {{Qualitative Research in Psychology}},
  year = 	 {2006},
  volume = 	 {3},
  number = 	 {2},
  pages = 	 {77--101},
  doi =          {https://doi.org/10.1191/1478088706qp063oa}
}

@InProceedings{crick+sentance:2011,
  author =       {Tom Crick and Sue Sentance},
  title =        {{Computing At School: Stimulating Computing Education in the UK}},
  booktitle =    {{Proc.~11th Koli Calling International Conference on Computing Education Research}},
  year =         {2011},
  publisher =    {ACM},
  doi =          {https://doi.org/10.1145/2094131.2094158}
}

@InProceedings{brown-et-al-sigcse2013,
  author =       {Neil C. C. Brown and Michael K\"{o}lling and Tom Crick and Simon {Peyton Jones} and Simon Humphreys and Sue Sentance},
  title =        {{Bringing Computer Science Back Into Schools: Lessons from the UK}},
  booktitle =    {{Proc.~44th ACM Technical Symposium on Computer Science Education (SIGCSE 2013)}},
  year =         {2013},
  publisher =    {ACM},
  pages =        {269--274},
  doi =          {https://doi.org/10.1145/2445196.2445277}
}

@Article{brown-et-al-toce2014,
  author =       {Neil C. C. Brown and Sue Sentance and Tom Crick and Simon Humphreys},
  title =        {{Restart: The Resurgence of Computer Science in UK Schools}},
  journal =      {{ACM Transactions on Computer Science Education}},
  year =         {2014},
  volume =       {14},
  number =       {2},
  publisher =    {ACM},
  pages =        {1--22},
  doi =          {https://doi.org/10.1145/2602484}
}

@InProceedings{davenport-et-al:latice2016,
  author =       {James H. Davenport and Alan Hayes and Rachid Hourizi and Tom Crick},
  title =        {{Innovative Pedagogical Practices in the Craft of Computing}},
  booktitle =    {{Proc.~4th International Conference on Learning and Teaching in Computing and Engineering (LaTiCE 2016)}},
  year = 	 {2016},
  doi =          {https://doi.org/10.1109/LaTiCE.2016.38}
}

@Article{murphy-et-al:programming2017,
  author = 	 {Ellen Murphy and Tom Crick and James H. Davenport},
  title = 	 {{An Analysis of Introductory Programming Courses at UK Universities}},
  journal = 	 {{The Art, Science, and Engineering of Programming}},
  year = 	 {2017},
  volume = 	 {1(2)},
  number = 	 {18},
  doi =          {https://doi.org/10.22152/programming-journal.org/2017/1/18}
}

@InProceedings{tryfonas+crick:petra2018,
  author =       {Theo Tryfonas and Tom Crick},
  title =        {{Public Policy and Skills for Smart Cities: The UK Outlook}},
  booktitle =    {{Proc.~11th International Conference on PErvasive Technologies Related to Assistive Environments (PETRA'18)}},
  pages =        {116--117},
  publisher =    {ACM},
  year = 	 {2018},
  doi =          {https://doi.org/10.1145/3197768.3203170}
}

@InProceedings{simon-et-al:sigcse2018,
  author = 	 {{Simon} and Raina Mason and Tom Crick and James H. Davenport and Ellen Murphy},
  title = 	 {{Language Choice in Introductory Programming Courses at Australasian and UK Universities}},
  booktitle =    {{Proc.~49th ACM Technical Symposium on Computer Science Education (SIGCSE 2018)}},
  year = 	 {2018},
  pages =        {852--857},
  publisher = 	 {ACM},
  doi =          {https://doi.org/10.1145/3159450.3159547}
}

@InProceedings{crick-et-al:fie2019,
  author =       {Tom Crick and James H. Davenport and Alastair Irons and Tom Prickett},
  title =        {{A UK Case Study on Cybersecurity Education and Accreditation}},
  booktitle =    {{Proc.~49th Annual Frontiers in Education Conference (FIE 2019)}},
  pages =        {1--9},
  year = 	 {2019},
  doi =          {https://doi.org/10.1109/FIE43999.2019.9028407}
}

@InProceedings{prickett-et-al:iticse2020,
  author =       {Tom Prickett and Morgan Harvey and Julie Walters and Longzhi Yang and Tom Crick},
  title =        {{Resilience and Effective Learning in First-Year Undergraduate Computer Science}},
  booktitle =    {{Proc.~25th Annual Conference on Innovation and Technology in Computer Science Education (ITiCSE 2020)}},
  year = 	 {2020},
  doi =          {https://doi.org/10.1145/3341525.3387372}
}

@InProceedings{davenport-et-al:educon2020,
  author =       {James H. Davenport and Tom Crick and Rachid Hourizi},
  title =        {{The Institute of Coding: A University-Industry Collaboration to Address the UK's Digital Skills Crisis}},
  booktitle =    {{Proc.~IEEE  Global  Engineering  Education  Conference (EDUCON2020)}},
  pages =        {1400--1408},
  year = 	 {2020},
  doi =          {https://doi.org/10.1109/EDUCON45650.2020.9125272}
}